%YAML 1.1
%TAG !u! tag:unity3d.com,2011:
--- !u!1 &5441956283293858433
GameObject:
  m_ObjectHideFlags: 0
  m_CorrespondingSourceObject: {fileID: 0}
  m_PrefabInstance: {fileID: 0}
  m_PrefabAsset: {fileID: 0}
  serializedVersion: 6
  m_Component:
  - component: {fileID: 1736905798677903979}
  - component: {fileID: 3820022850256965884}
  m_Layer: 0
  m_Name: PF Dungeon Props - Candle Holder 01
  m_TagString: Untagged
  m_Icon: {fileID: 0}
  m_NavMeshLayer: 0
  m_StaticEditorFlags: 0
  m_IsActive: 1
--- !u!4 &1736905798677903979
Transform:
  m_ObjectHideFlags: 0
  m_CorrespondingSourceObject: {fileID: 0}
  m_PrefabInstance: {fileID: 0}
  m_PrefabAsset: {fileID: 0}
  m_GameObject: {fileID: 5441956283293858433}
  m_LocalRotation: {x: -0, y: -0, z: -0, w: 1}
  m_LocalPosition: {x: 54.875, y: -0.0625, z: 0.00999999}
  m_LocalScale: {x: 1, y: 1, z: 1}
  m_ConstrainProportionsScale: 0
  m_Children:
  - {fileID: 2029309785889162058}
  m_Father: {fileID: 0}
  m_RootOrder: 0
  m_LocalEulerAnglesHint: {x: 0, y: 0, z: 0}
--- !u!212 &3820022850256965884
SpriteRenderer:
  m_ObjectHideFlags: 0
  m_CorrespondingSourceObject: {fileID: 0}
  m_PrefabInstance: {fileID: 0}
  m_PrefabAsset: {fileID: 0}
  m_GameObject: {fileID: 5441956283293858433}
  m_Enabled: 1
  m_CastShadows: 0
  m_ReceiveShadows: 0
  m_DynamicOccludee: 1
  m_StaticShadowCaster: 0
  m_MotionVectors: 1
  m_LightProbeUsage: 1
  m_ReflectionProbeUsage: 1
  m_RayTracingMode: 0
  m_RayTraceProcedural: 0
  m_RenderingLayerMask: 1
  m_RendererPriority: 0
  m_Materials:
  - {fileID: 2100000, guid: 19136f9206b85ee43bc3f06b71156f07, type: 2}
  m_StaticBatchInfo:
    firstSubMesh: 0
    subMeshCount: 0
  m_StaticBatchRoot: {fileID: 0}
  m_ProbeAnchor: {fileID: 0}
  m_LightProbeVolumeOverride: {fileID: 0}
  m_ScaleInLightmap: 1
  m_ReceiveGI: 1
  m_PreserveUVs: 0
  m_IgnoreNormalsForChartDetection: 0
  m_ImportantGI: 0
  m_StitchLightmapSeams: 1
  m_SelectedEditorRenderState: 0
  m_MinimumChartSize: 4
  m_AutoUVMaxDistance: 0.5
  m_AutoUVMaxAngle: 89
  m_LightmapParameters: {fileID: 0}
  m_SortingLayerID: 0
  m_SortingLayer: 0
  m_SortingOrder: 0
  m_Sprite: {fileID: 908809671, guid: daa359c07b4be2f47b477ca2857b031a, type: 3}
  m_Color: {r: 1, g: 1, b: 1, a: 1}
  m_FlipX: 0
  m_FlipY: 0
  m_DrawMode: 0
  m_Size: {x: 1.09375, y: 1.09375}
  m_AdaptiveModeThreshold: 0.5
  m_SpriteTileMode: 0
  m_WasSpriteAssigned: 1
  m_MaskInteraction: 0
  m_SpriteSortPoint: 0
--- !u!1 &5687650617844121356
GameObject:
  m_ObjectHideFlags: 0
  m_CorrespondingSourceObject: {fileID: 0}
  m_PrefabInstance: {fileID: 0}
  m_PrefabAsset: {fileID: 0}
  serializedVersion: 6
  m_Component:
  - component: {fileID: 5687650617844121355}
  - component: {fileID: 5687650617844121354}
  m_Layer: 0
  m_Name: Shadow
  m_TagString: Untagged
  m_Icon: {fileID: 0}
  m_NavMeshLayer: 0
  m_StaticEditorFlags: 0
  m_IsActive: 1
--- !u!4 &5687650617844121355
Transform:
  m_ObjectHideFlags: 0
  m_CorrespondingSourceObject: {fileID: 0}
  m_PrefabInstance: {fileID: 0}
  m_PrefabAsset: {fileID: 0}
  m_GameObject: {fileID: 5687650617844121356}
  m_LocalRotation: {x: -0, y: -0, z: -0, w: 1}
  m_LocalPosition: {x: 0.094249725, y: -0.092250004, z: 0.00999999}
  m_LocalScale: {x: 1, y: 1, z: 1}
  m_ConstrainProportionsScale: 0
  m_Children: []
  m_Father: {fileID: 2029309785889162058}
  m_RootOrder: 1
  m_LocalEulerAnglesHint: {x: 0, y: 0, z: 0}
--- !u!212 &5687650617844121354
SpriteRenderer:
  m_ObjectHideFlags: 0
  m_CorrespondingSourceObject: {fileID: 0}
  m_PrefabInstance: {fileID: 0}
  m_PrefabAsset: {fileID: 0}
  m_GameObject: {fileID: 5687650617844121356}
  m_Enabled: 1
  m_CastShadows: 0
  m_ReceiveShadows: 0
  m_DynamicOccludee: 1
  m_StaticShadowCaster: 0
  m_MotionVectors: 1
  m_LightProbeUsage: 1
  m_ReflectionProbeUsage: 1
  m_RayTracingMode: 0
  m_RayTraceProcedural: 0
  m_RenderingLayerMask: 1
  m_RendererPriority: 0
  m_Materials:
  - {fileID: 2100000, guid: 064ad0661e0761c41a191f555e941428, type: 2}
  m_StaticBatchInfo:
    firstSubMesh: 0
    subMeshCount: 0
  m_StaticBatchRoot: {fileID: 0}
  m_ProbeAnchor: {fileID: 0}
  m_LightProbeVolumeOverride: {fileID: 0}
  m_ScaleInLightmap: 1
  m_ReceiveGI: 1
  m_PreserveUVs: 0
  m_IgnoreNormalsForChartDetection: 0
  m_ImportantGI: 0
  m_StitchLightmapSeams: 1
  m_SelectedEditorRenderState: 0
  m_MinimumChartSize: 4
  m_AutoUVMaxDistance: 0.5
  m_AutoUVMaxAngle: 89
  m_LightmapParameters: {fileID: 0}
  m_SortingLayerID: 0
  m_SortingLayer: 0
  m_SortingOrder: 0
  m_Sprite: {fileID: -1565686948, guid: daa359c07b4be2f47b477ca2857b031a, type: 3}
  m_Color: {r: 1, g: 1, b: 1, a: 1}
  m_FlipX: 0
  m_FlipY: 0
  m_DrawMode: 0
  m_Size: {x: 0.15625, y: 0.28125}
  m_AdaptiveModeThreshold: 0.5
  m_SpriteTileMode: 0
  m_WasSpriteAssigned: 1
  m_MaskInteraction: 0
  m_SpriteSortPoint: 0
--- !u!1001 &7043797397059773323
PrefabInstance:
  m_ObjectHideFlags: 0
  serializedVersion: 2
  m_Modification:
    m_TransformParent: {fileID: 1736905798677903979}
    m_Modifications:
    - target: {fileID: 1396077342282281013, guid: cf1fda341622a1b418df977cbf9d3be3, type: 3}
      propertyPath: m_IsActive
      value: 0
      objectReference: {fileID: 0}
    - target: {fileID: 7895604344621888600, guid: cf1fda341622a1b418df977cbf9d3be3, type: 3}
      propertyPath: m_LocalPosition.x
      value: -0.0000001937151
      objectReference: {fileID: 0}
    - target: {fileID: 7895604344621888600, guid: cf1fda341622a1b418df977cbf9d3be3, type: 3}
      propertyPath: m_LocalPosition.y
      value: 0.21775009
      objectReference: {fileID: 0}
    - target: {fileID: 7935089473269195797, guid: cf1fda341622a1b418df977cbf9d3be3, type: 3}
      propertyPath: m_Name
      value: PF Dungeon Props - Candle 04
      objectReference: {fileID: 0}
    - target: {fileID: 8639682919970263342, guid: cf1fda341622a1b418df977cbf9d3be3, type: 3}
      propertyPath: m_LocalPosition.x
      value: -0.014000133
      objectReference: {fileID: 0}
    - target: {fileID: 8639682919970263342, guid: cf1fda341622a1b418df977cbf9d3be3, type: 3}
      propertyPath: m_LocalPosition.y
      value: 0.26575017
      objectReference: {fileID: 0}
    - target: {fileID: 9072807208709021889, guid: cf1fda341622a1b418df977cbf9d3be3, type: 3}
      propertyPath: m_RootOrder
      value: 0
      objectReference: {fileID: 0}
    - target: {fileID: 9072807208709021889, guid: cf1fda341622a1b418df977cbf9d3be3, type: 3}
      propertyPath: m_LocalPosition.x
      value: -0.062999725
      objectReference: {fileID: 0}
    - target: {fileID: 9072807208709021889, guid: cf1fda341622a1b418df977cbf9d3be3, type: 3}
      propertyPath: m_LocalPosition.y
      value: -0.0014999993
      objectReference: {fileID: 0}
    - target: {fileID: 9072807208709021889, guid: cf1fda341622a1b418df977cbf9d3be3, type: 3}
      propertyPath: m_LocalPosition.z
      value: 0.00999999
      objectReference: {fileID: 0}
    - target: {fileID: 9072807208709021889, guid: cf1fda341622a1b418df977cbf9d3be3, type: 3}
      propertyPath: m_LocalRotation.w
      value: 1
      objectReference: {fileID: 0}
    - target: {fileID: 9072807208709021889, guid: cf1fda341622a1b418df977cbf9d3be3, type: 3}
      propertyPath: m_LocalRotation.x
      value: 0
      objectReference: {fileID: 0}
    - target: {fileID: 9072807208709021889, guid: cf1fda341622a1b418df977cbf9d3be3, type: 3}
      propertyPath: m_LocalRotation.y
      value: 0
      objectReference: {fileID: 0}
    - target: {fileID: 9072807208709021889, guid: cf1fda341622a1b418df977cbf9d3be3, type: 3}
      propertyPath: m_LocalRotation.z
      value: 0
      objectReference: {fileID: 0}
    - target: {fileID: 9072807208709021889, guid: cf1fda341622a1b418df977cbf9d3be3, type: 3}
      propertyPath: m_LocalEulerAnglesHint.x
      value: 0
      objectReference: {fileID: 0}
    - target: {fileID: 9072807208709021889, guid: cf1fda341622a1b418df977cbf9d3be3, type: 3}
      propertyPath: m_LocalEulerAnglesHint.y
      value: 0
      objectReference: {fileID: 0}
    - target: {fileID: 9072807208709021889, guid: cf1fda341622a1b418df977cbf9d3be3, type: 3}
      propertyPath: m_LocalEulerAnglesHint.z
      value: 0
      objectReference: {fileID: 0}
    - target: {fileID: 9136219276297988383, guid: cf1fda341622a1b418df977cbf9d3be3, type: 3}
      propertyPath: m_LocalPosition.x
      value: -0.0000001937151
      objectReference: {fileID: 0}
    - target: {fileID: 9136219276297988383, guid: cf1fda341622a1b418df977cbf9d3be3, type: 3}
      propertyPath: m_LocalPosition.y
      value: 0.20575
      objectReference: {fileID: 0}
    m_RemovedComponents: []
  m_SourcePrefab: {fileID: 100100000, guid: cf1fda341622a1b418df977cbf9d3be3, type: 3}
--- !u!4 &2029309785889162058 stripped
Transform:
  m_CorrespondingSourceObject: {fileID: 9072807208709021889, guid: cf1fda341622a1b418df977cbf9d3be3, type: 3}
  m_PrefabInstance: {fileID: 7043797397059773323}
  m_PrefabAsset: {fileID: 0}
